@MISC{javabeans,
	title = "JavaBeans(TM) Specification 1.01 Final Release [online]",
	note = "http://java.sun.com/javase/technologies/desktop/javabeans/docs/spec.html",
	author = "Sun Microsystems",
	month = "aug",
	year = "1997"
}

@MISC{openid4java,
	title = "OpenID for Java [online]",
	note = "http://code.google.com/p/openid4java/",
	author = "The OpenID4Java Google Code project",
	year = "2008"
}

@MISC{openid_simplereg,
	title = "OpenID Simple Registration Extension 1.0 [online]",
	note = "http://openid.net/specs/openid-simple-registration-extension-1\_0.html",
	author = "Josh Hoyt, Jonathan Daugherty, David Recordon",
	month = "jun",
	year = "2006"
}

@MISC{openid_security,
	title = "The problem(s) with OpenID [online]",
	note = "http://idcorner.org/2007/08/22/the-problems-with-openid/",
	author = "Stefan Brands",
	month = "aug",
	year = "2007"
}

@MISC{bankid,
	title = "Om oss - BankID [online]",
	note = "http://www.bankid.no/index.db2?id=4",
	author = "BankID Samarbeidet ",
	year = "2005"
}

@MISC{buypass,
	title = "Buypass Smartkort [online]",
	note = "http://www.buypass.no/Bedrift/Produkter+og+tjenester/Buypass+Smartkort",
	author = "Buypass Smartkort",
	year = "2008"
}

@MISC{mvc,
	title = "How to use Model-View-Controller [online]",
	note = "http://st-www.cs.uiuc.edu/users/smarch/st-docs/mvc.html",
	author = "Steve Burbeck",
	year = "1992"
}

@MISC{model2,
	title = "Designing Enterprise Applications with the J2EETM Platform, Second Edition [online]",
	note = "http://java.sun.com/blueprints/guidelines/designing\_enterprise\_applications\_2e/web-tier/web-tier5.html",
	author = "Sun Microsystems",
	year = "2002"
}

@MISC{waterfall,
	title = "Managing the Development of Large Software Systems [online]",
	note = "http://www.cs.umd.edu/class/spring2003/cmsc838p/Process/waterfall.pdf",
	author = "Winston W. Royce",
	year = "1970"
}

@MISC{scrum,
	title = "What is Scrum? [online]",
	note = "http://www.controlchaos.com/about/",
	author = "Advanced Development Methods",
	year = "2008"
}

@MISC{ieee830,
	title = "IEEE Recommended Practice for Software Requirements Specifications",
	author = "IEEE",
	year = "1998"
}

@MISC{ieee829,
	title = "IEEE Standard for Software Test Documentation",
	author = "IEEE",
	year = "1998"
}


@MISC{a1,
	title = "MVC design pattern brings about better organization and code reuse [online]",
	note = "http://articles.techrepublic.com.com/5100-10878\_11-1049862.html",
	author = "Brian Kotek",
	year = "2002"
}


@MISC{a2,
	title = "Model View Controller [online].",
	note = "http://www.phpwact.org/pattern/model\_view\_controller",
	author = "Phpwact"
}


@MISC{a3,
	title = "Understanding JavaServer Pages Model 2 architecture [online]",
	note = "http://www.javaworld.com/javaworld/jw-12-1999/jw-12-ssj-jspmvc.html",
	author = "Govind Seshadri",
	year = "1999"
}


@MISC{a4,
	title = "Software Process Improvement Conference (EuroSPI 2006) [online]",
	note = "http://www.idi.ntnu.no/grupper/su/publ/geirkjetil/eurospi06-slides-agile-hanssen.pdf",
	author = "Geir Ketil Hansen",
	year = "2006"
}


@MISC{a5,
	title = "Waterfall model [online]",
	note = "http://en.wikipedia.org/wiki/Waterfall\_model",
	author = "Wikipedia"
}


@MISC{a6,
	title = "The Truth about Authentication: Six Factors Evaluated [online]",
	note = "http://www.checkpoint.com/securitycafe/\\readingroom/general/truth\_authentication.html",
	author = "Ian Kilpatrick",
	year = "2007"
}


@MISC{a7,
	title = "OpenID: Another Approach to Identities [online]",
	note = "http://www.b-eye-network.com/view/6405",
	author = "Pete Loshin",
	year = "2007"
}


@MISC{a8,
	title = "Window liveID becomes an OpenID Provider [online]",
	note = "http://dev.live.com/blogs/devlive/archive/2008/10/27/421.aspx",
	author = "Jorgen Thelin",
	year = "2008"
}


@MISC{a9,
	title = "Slash id corporation. [online]",
	note = "http://www.slashid.com/how\_slashid\_can\_help.php",
	author = "SlashID"
}


@MISC{a10,
	title = "Facebook connect. [online]",
	note = "http://developers.facebook.com/connect.php",
	author = "Facebook"
}


@MISC{a11,
	title = "Opened foundation. [online]",
	note = "http://www.crunchbase.com/company/openid-foundation",
	author = "Crunchbase"
}


@MISC{a12,
	title = "Google move to open id Google [online]",
	note = "http://news.idg.no/cw/art.cfm?id=4F05EF85-17A4-0F78-31A2F7F7CDD9D00D",
	author = "Daniel Ionescu",
	year = "2008"
}


@MISC{a13,
	title = "Yahoo supports openid2.0 [online]",
	note = "http://developer.yahoo.com/openid/ Last visited: 14.10.08",
	author = "Yahoo"
}


@MISC{a14,
	title = "one password anywebsite [online]",
	note = "http://vidoop.com/",
	author = "vidoop",
}


@MISC{a15,
	title = "OpenID: Rx for Password Fatigue [online]",
	note = "http://www.verisign.com/infrastructure/articles/page\_043467.html",
	author = "versign"
}


@MISC{a16,
	title = "Sun Microsystems Announces OpenID Program [online]",
	note = "http://www.sun.com/aboutsun/pr/2007-05/sunflash.20070507.4.xml",
	author = "Sun",
	year = "2007"
}


@MISC{a17,
	title = "Technology Leaders Join OpenID Foundation to Promote Open Identity Management on the Web [online]",
	note = "http://www-03.ibm.com/press/us/en/pressrelease/23461.wss",
	author = "IBM",
	year = "2008"
}


@MISC{a18,
	title = "IEEE standard for software test documentation [online]",
	note = "http://ieeexplore.ieee.org/xpl/tocresult.jsp?isNumber=16010",
	author = "Ieeexplore"
}


@MISC{a19,
	title = "IEEE recommended practice for software requirements specifications [online] ",
	note = "http://ieeexplore.ieee.org/xpl/tocresult.jsp?isNumber=15571",
	author = "Ieeexplore"
}


@MISC{a20,
	title = "java platform [online]",
	note = "http://java.sun.com/javase/",
	author = "Sun",
}


@MISC{a21,
	title = "what is OpenID. [online]",
	note = "http://openid.net/",
	author = "OpenID",
}

@MISC{model2a,
	title = "Server-side Java: Understanding JavaServer Pages Model 2 architecture - JavaWorld [online]",
	note = "http://www.javaworld.com/javaworld/jw-12-1999/jw-12-ssj-jspmvc.html",
	author = " Govind Seshadri",
}

@MISC{sres,
	title = "OpenID Simple Registration Extension 1.0 [online]",
	note = "http://openid.net/specs/openid-simple-registration-extension-1\_0.html",
	author = "Josh Hoyt, Jonathan Daugherty, David Recordon",
}

